@conference {konolige97,
	title = {Small vision systems: hardware and implementation},
	booktitle = {Eighth International Symposium on Robotics Research},
	year = {1997},
	pages = {111{\textendash}116},
	attachments = {http://www.willowgarage.com/sites/default/files/ISRR 1997 - Small vision systems.pdf},
	author = {Kurt Konolige}
}

@inproceedings{scharstein2003,
  title={High-accuracy stereo depth maps using structured light},
  author={Scharstein, D. and Szeliski, R.},
  booktitle={Computer Vision and Pattern Recognition, 2003. Proceedings. 2003 IEEE Computer Society Conference on},
  volume={1},
  pages={I--195},
  year={2003},
  organization={IEEE}
}

@article{cuda,
  title={Compute unified device architecture programming guide},
  author={Nvidia},
  journal={NVIDIA: Santa Clara, CA},
  volume={83},
  pages={129},
  year={2007}
}
